[
  {
    "id": 1,
    "name": "中国石油化工集团",
    "industry": "化工材料",
    "registration_code": "9122248854476135",
    "is_active": true,
    "established_date": "1992-01-01",
    "registered_capital": 5000000000,
    "employees": 8500,
    "location": "北京市",
    "esg_score": 47,
    "last_evaluation": "2025-08-15",
    "annual_revenue": 6023809696.527869,
    "carbon_assets": 17,
    "contact_person": "王主任",
    "contact_phone": "15943559954"
  },
  {
    "id": 2,
    "name": "比亚迪股份有限公司",
    "industry": "新能源汽车",
    "registration_code": "9157189266666223",
    "is_active": true,
    "established_date": "1985-01-01",
    "registered_capital": 2000000000,
    "employees": 220000,
    "location": "深圳市",
    "esg_score": 87,
    "last_evaluation": "2025-10-08",
    "annual_revenue": 5059001807.24745,
    "carbon_assets": 7,
    "contact_person": "陈董",
    "contact_phone": "17822999432"
  },
  {
    "id": 3,
    "name": "宁德时代新能源科技",
    "industry": "新能源",
    "registration_code": "9131882978331849",
    "is_active": true,
    "established_date": "1986-01-01",
    "registered_capital": 1500000000,
    "employees": 33000,
    "location": "宁德市",
    "esg_score": 86,
    "last_evaluation": "2025-10-09",
    "annual_revenue": 2038045563.4024525,
    "carbon_assets": 19,
    "contact_person": "赵总监",
    "contact_phone": "18962296426"
  },
  {
    "id": 4,
    "name": "隆基绿能科技股份有限公司",
    "industry": "新能源",
    "registration_code": "9136777616171584",
    "is_active": true,
    "established_date": "2014-01-01",
    "registered_capital": 1200000000,
    "employees": 60000,
    "location": "西安市",
    "esg_score": 90,
    "last_evaluation": "2025-11-10",
    "annual_revenue": 2340718187.088808,
    "carbon_assets": 8,
    "contact_person": "李总",
    "contact_phone": "16831566027"
  },
  {
    "id": 5,
    "name": "金风科技股份有限公司",
    "industry": "新能源",
    "registration_code": "9154060571269388",
    "is_active": true,
    "established_date": "2003-01-01",
    "registered_capital": 800000000,
    "employees": 12000,
    "location": "新疆乌鲁木齐",
    "esg_score": 87,
    "last_evaluation": "2025-08-31",
    "annual_revenue": 1074797930.0544674,
    "carbon_assets": 18,
    "contact_person": "张经理",
    "contact_phone": "15558088569"
  },
  {
    "id": 6,
    "name": "三峡新能源股份有限公司",
    "industry": "新能源",
    "registration_code": "9146766755128166",
    "is_active": true,
    "established_date": "2014-01-01",
    "registered_capital": 1800000000,
    "employees": 3500,
    "location": "北京市",
    "esg_score": 73,
    "last_evaluation": "2025-09-22",
    "annual_revenue": 4712800014.534583,
    "carbon_assets": 16,
    "contact_person": "赵总监",
    "contact_phone": "13515859527"
  },
  {
    "id": 7,
    "name": "国电南瑞科技股份有限公司",
    "industry": "信息技术",
    "registration_code": "9141588942641267",
    "is_active": true,
    "established_date": "2005-01-01",
    "registered_capital": 900000000,
    "employees": 8500,
    "location": "南京市",
    "esg_score": 65,
    "last_evaluation": "2025-10-06",
    "annual_revenue": 879751150.4949075,
    "carbon_assets": 17,
    "contact_person": "王主任",
    "contact_phone": "19471711142"
  },
  {
    "id": 8,
    "name": "恒瑞医药股份有限公司",
    "industry": "生物医药",
    "registration_code": "9114857475085993",
    "is_active": true,
    "established_date": "2006-01-01",
    "registered_capital": 600000000,
    "employees": 28000,
    "location": "连云港市",
    "esg_score": 66,
    "last_evaluation": "2025-10-06",
    "annual_revenue": 1594410527.102215,
    "carbon_assets": 12,
    "contact_person": "王主任",
    "contact_phone": "13104264632"
  },
  {
    "id": 9,
    "name": "药明康德",
    "industry": "生物医药",
    "registration_code": "9168403071725188",
    "is_active": true,
    "established_date": "2008-01-01",
    "registered_capital": 700000000,
    "employees": 30000,
    "location": "上海市",
    "esg_score": 66,
    "last_evaluation": "2025-10-16",
    "annual_revenue": 679812264.6603069,
    "carbon_assets": 6,
    "contact_person": "赵总监",
    "contact_phone": "18537460583"
  },
  {
    "id": 10,
    "name": "隆基绿能",
    "industry": "新能源",
    "registration_code": "9190810077577724",
    "is_active": true,
    "established_date": "2000-01-01",
    "registered_capital": 1200000000,
    "employees": 60000,
    "location": "西安市",
    "esg_score": 83,
    "last_evaluation": "2025-08-18",
    "annual_revenue": 1261202635.0806286,
    "carbon_assets": 10,
    "contact_person": "赵总监",
    "contact_phone": "17266427751"
  },
  {
    "id": 11,
    "name": "金发科技股份有限公司",
    "industry": "环保技术",
    "registration_code": "9192519016396025",
    "is_active": true,
    "established_date": "2013-01-01",
    "registered_capital": 400000000,
    "employees": 8000,
    "location": "广州市",
    "esg_score": 85,
    "last_evaluation": "2025-10-29",
    "annual_revenue": 256454750.162204,
    "carbon_assets": 21,
    "contact_person": "张经理",
    "contact_phone": "16847662793"
  },
  {
    "id": 12,
    "name": "东江环保股份有限公司",
    "industry": "环保技术",
    "registration_code": "9136097012302344",
    "is_active": true,
    "established_date": "1989-01-01",
    "registered_capital": 350000000,
    "employees": 6500,
    "location": "深圳市",
    "esg_score": 87,
    "last_evaluation": "2025-09-03",
    "annual_revenue": 215552580.47518143,
    "carbon_assets": 3,
    "contact_person": "赵总监",
    "contact_phone": "13991667217"
  },
  {
    "id": 13,
    "name": "盈峰环境科技集团",
    "industry": "环保技术",
    "registration_code": "9190697517257577",
    "is_active": true,
    "established_date": "2016-01-01",
    "registered_capital": 450000000,
    "employees": 15000,
    "location": "佛山市",
    "esg_score": 65,
    "last_evaluation": "2025-09-09",
    "annual_revenue": 845841485.2137213,
    "carbon_assets": 4,
    "contact_person": "陈董",
    "contact_phone": "19760355154"
  },
  {
    "id": 14,
    "name": "格林美股份有限公司",
    "industry": "环保技术",
    "registration_code": "9182822676830903",
    "is_active": true,
    "established_date": "1997-01-01",
    "registered_capital": 380000000,
    "employees": 12000,
    "location": "深圳市",
    "esg_score": 81,
    "last_evaluation": "2025-08-10",
    "annual_revenue": 371875585.0590191,
    "carbon_assets": 18,
    "contact_person": "李总",
    "contact_phone": "14313873089"
  },
  {
    "id": 15,
    "name": "中国建筑股份有限公司",
    "industry": "建筑工程",
    "registration_code": "9112597211517098",
    "is_active": true,
    "established_date": "2004-01-01",
    "registered_capital": 8000000000,
    "employees": 380000,
    "location": "北京市",
    "esg_score": 66,
    "last_evaluation": "2025-08-22",
    "annual_revenue": 18360788156.57624,
    "carbon_assets": 17,
    "contact_person": "张经理",
    "contact_phone": "15361905521"
  },
  {
    "id": 16,
    "name": "中国中铁股份有限公司",
    "industry": "建筑工程",
    "registration_code": "9139460646884291",
    "is_active": true,
    "established_date": "1989-01-01",
    "registered_capital": 7500000000,
    "employees": 290000,
    "location": "北京市",
    "esg_score": 52,
    "last_evaluation": "2025-10-07",
    "annual_revenue": 15253548139.002573,
    "carbon_assets": 12,
    "contact_person": "赵总监",
    "contact_phone": "16708600665"
  },
  {
    "id": 17,
    "name": "中国铁建股份有限公司",
    "industry": "建筑工程",
    "registration_code": "9131356157788474",
    "is_active": true,
    "established_date": "1984-01-01",
    "registered_capital": 7000000000,
    "employees": 260000,
    "location": "北京市",
    "esg_score": 66,
    "last_evaluation": "2025-09-16",
    "annual_revenue": 8102907454.409394,
    "carbon_assets": 18,
    "contact_person": "李总",
    "contact_phone": "16201952107"
  },
  {
    "id": 18,
    "name": "中国交通建设股份有限公司",
    "industry": "建筑工程",
    "registration_code": "9193314680919788",
    "is_active": true,
    "established_date": "1983-01-01",
    "registered_capital": 6500000000,
    "employees": 140000,
    "location": "北京市",
    "esg_score": 53,
    "last_evaluation": "2025-09-03",
    "annual_revenue": 4848818662.789301,
    "carbon_assets": 15,
    "contact_person": "王主任",
    "contact_phone": "17409700940"
  },
  {
    "id": 19,
    "name": "三一重工股份有限公司",
    "industry": "制造业",
    "registration_code": "9163380077590435",
    "is_active": true,
    "established_date": "2003-01-01",
    "registered_capital": 850000000,
    "employees": 30000,
    "location": "长沙市",
    "esg_score": 66,
    "last_evaluation": "2025-08-10",
    "annual_revenue": 940408584.4056467,
    "carbon_assets": 13,
    "contact_person": "王主任",
    "contact_phone": "15709816349"
  },
  {
    "id": 20,
    "name": "徐工集团工程机械",
    "industry": "制造业",
    "registration_code": "9194133245461549",
    "is_active": true,
    "established_date": "1995-01-01",
    "registered_capital": 750000000,
    "employees": 40000,
    "location": "徐州市",
    "esg_score": 59,
    "last_evaluation": "2025-08-20",
    "annual_revenue": 1215652965.2704513,
    "carbon_assets": 1,
    "contact_person": "陈董",
    "contact_phone": "19731634063"
  },
  {
    "id": 21,
    "name": "中联重科股份有限公司",
    "industry": "制造业",
    "registration_code": "9114690757625109",
    "is_active": true,
    "established_date": "2005-01-01",
    "registered_capital": 650000000,
    "employees": 20000,
    "location": "长沙市",
    "esg_score": 62,
    "last_evaluation": "2025-11-13",
    "annual_revenue": 888222319.7994171,
    "carbon_assets": 10,
    "contact_person": "张经理",
    "contact_phone": "17334332271"
  },
  {
    "id": 22,
    "name": "海尔智家股份有限公司",
    "industry": "制造业",
    "registration_code": "9118265656909706",
    "is_active": true,
    "established_date": "2003-01-01",
    "registered_capital": 1200000000,
    "employees": 100000,
    "location": "青岛市",
    "esg_score": 71,
    "last_evaluation": "2025-08-22",
    "annual_revenue": 1458192311.6196716,
    "carbon_assets": 17,
    "contact_person": "王主任",
    "contact_phone": "16370212899"
  },
  {
    "id": 23,
    "name": "美的集团股份有限公司",
    "industry": "制造业",
    "registration_code": "9181672357511331",
    "is_active": true,
    "established_date": "2012-01-01",
    "registered_capital": 1500000000,
    "employees": 150000,
    "location": "佛山市",
    "esg_score": 64,
    "last_evaluation": "2025-10-11",
    "annual_revenue": 1890913145.2246776,
    "carbon_assets": 4,
    "contact_person": "张经理",
    "contact_phone": "16489206174"
  },
  {
    "id": 24,
    "name": "格力电器股份有限公司",
    "industry": "制造业",
    "registration_code": "9178598968606051",
    "is_active": true,
    "established_date": "1985-01-01",
    "registered_capital": 1300000000,
    "employees": 90000,
    "location": "珠海市",
    "esg_score": 68,
    "last_evaluation": "2025-11-08",
    "annual_revenue": 1519055406.757502,
    "carbon_assets": 14,
    "contact_person": "陈董",
    "contact_phone": "17722355784"
  },
  {
    "id": 25,
    "name": "华为技术有限公司",
    "industry": "信息技术",
    "registration_code": "9134723498118954",
    "is_active": true,
    "established_date": "1986-01-01",
    "registered_capital": 2000000000,
    "employees": 195000,
    "location": "深圳市",
    "esg_score": 65,
    "last_evaluation": "2025-09-21",
    "annual_revenue": 4237652059.1923637,
    "carbon_assets": 11,
    "contact_person": "张经理",
    "contact_phone": "14154254876"
  },
  {
    "id": 26,
    "name": "腾讯控股有限公司",
    "industry": "信息技术",
    "registration_code": "9188968891003244",
    "is_active": true,
    "established_date": "2012-01-01",
    "registered_capital": 1800000000,
    "employees": 85700,
    "location": "深圳市",
    "esg_score": 83,
    "last_evaluation": "2025-11-10",
    "annual_revenue": 3319165159.116326,
    "carbon_assets": 16,
    "contact_person": "陈董",
    "contact_phone": "18372774331"
  },
  {
    "id": 27,
    "name": "阿里巴巴集团",
    "industry": "信息技术",
    "registration_code": "9189813095687748",
    "is_active": true,
    "established_date": "2011-01-01",
    "registered_capital": 1600000000,
    "employees": 254941,
    "location": "杭州市",
    "esg_score": 69,
    "last_evaluation": "2025-08-18",
    "annual_revenue": 1059314817.9067113,
    "carbon_assets": 11,
    "contact_person": "王主任",
    "contact_phone": "16714336998"
  },
  {
    "id": 28,
    "name": "百度在线网络技术",
    "industry": "信息技术",
    "registration_code": "9119307291346141",
    "is_active": true,
    "established_date": "2017-01-01",
    "registered_capital": 900000000,
    "employees": 40000,
    "location": "北京市",
    "esg_score": 64,
    "last_evaluation": "2025-08-10",
    "annual_revenue": 2543250981.459616,
    "carbon_assets": 7,
    "contact_person": "陈董",
    "contact_phone": "18404720429"
  },
  {
    "id": 29,
    "name": "京东集团",
    "industry": "信息技术",
    "registration_code": "9192285650606414",
    "is_active": true,
    "established_date": "1998-01-01",
    "registered_capital": 1400000000,
    "employees": 380000,
    "location": "北京市",
    "esg_score": 75,
    "last_evaluation": "2025-10-09",
    "annual_revenue": 1605218334.3656323,
    "carbon_assets": 10,
    "contact_person": "赵总监",
    "contact_phone": "17978262690"
  },
  {
    "id": 30,
    "name": "中国移动通信集团",
    "industry": "信息技术",
    "registration_code": "9184615035962944",
    "is_active": true,
    "established_date": "1986-01-01",
    "registered_capital": 10000000000,
    "employees": 450000,
    "location": "北京市",
    "esg_score": 71,
    "last_evaluation": "2025-10-30",
    "annual_revenue": 26210107251.64406,
    "carbon_assets": 18,
    "contact_person": "赵总监",
    "contact_phone": "16856201414"
  },
  {
    "id": 31,
    "name": "蚂蚁科技集团",
    "industry": "金融科技",
    "registration_code": "9191888578242181",
    "is_active": true,
    "established_date": "1991-01-01",
    "registered_capital": 1200000000,
    "employees": 160000,
    "location": "杭州市",
    "esg_score": 63,
    "last_evaluation": "2025-09-20",
    "annual_revenue": 764357049.5726426,
    "carbon_assets": 14,
    "contact_person": "王主任",
    "contact_phone": "14476321331"
  },
  {
    "id": 32,
    "name": "陆金所控股",
    "industry": "金融科技",
    "registration_code": "9155779493556064",
    "is_active": true,
    "established_date": "2014-01-01",
    "registered_capital": 800000000,
    "employees": 45000,
    "location": "上海市",
    "esg_score": 65,
    "last_evaluation": "2025-08-01",
    "annual_revenue": 1115831762.577045,
    "carbon_assets": 12,
    "contact_person": "陈董",
    "contact_phone": "18585245728"
  },
  {
    "id": 33,
    "name": "京东数科",
    "industry": "金融科技",
    "registration_code": "9166188653651265",
    "is_active": true,
    "established_date": "2013-01-01",
    "registered_capital": 950000000,
    "employees": 38000,
    "location": "北京市",
    "esg_score": 81,
    "last_evaluation": "2025-10-15",
    "annual_revenue": 2335225379.7058845,
    "carbon_assets": 19,
    "contact_person": "赵总监",
    "contact_phone": "15662909863"
  },
  {
    "id": 34,
    "name": "度小满金融",
    "industry": "金融科技",
    "registration_code": "9148478984812450",
    "is_active": true,
    "established_date": "1987-01-01",
    "registered_capital": 700000000,
    "employees": 28000,
    "location": "北京市",
    "esg_score": 64,
    "last_evaluation": "2025-08-05",
    "annual_revenue": 788856107.682105,
    "carbon_assets": 0,
    "contact_person": "陈董",
    "contact_phone": "15909660898"
  },
  {
    "id": 35,
    "name": "中国工商银行",
    "industry": "金融业",
    "registration_code": "9164993462442717",
    "is_active": true,
    "established_date": "1988-01-01",
    "registered_capital": 35000000000,
    "employees": 430000,
    "location": "北京市",
    "esg_score": 79,
    "last_evaluation": "2025-08-05",
    "annual_revenue": 53614448227.85077,
    "carbon_assets": 5,
    "contact_person": "赵总监",
    "contact_phone": "14429752275"
  },
  {
    "id": 36,
    "name": "中国建设银行",
    "industry": "金融业",
    "registration_code": "9149695773334641",
    "is_active": true,
    "established_date": "2013-01-01",
    "registered_capital": 30000000000,
    "employees": 370000,
    "location": "北京市",
    "esg_score": 74,
    "last_evaluation": "2025-08-18",
    "annual_revenue": 54257076218.85671,
    "carbon_assets": 0,
    "contact_person": "陈董",
    "contact_phone": "16567263182"
  },
  {
    "id": 37,
    "name": "中国农业银行",
    "industry": "金融业",
    "registration_code": "9166203842813213",
    "is_active": true,
    "established_date": "1987-01-01",
    "registered_capital": 32000000000,
    "employees": 460000,
    "location": "北京市",
    "esg_score": 73,
    "last_evaluation": "2025-10-04",
    "annual_revenue": 69460437289.04826,
    "carbon_assets": 12,
    "contact_person": "李总",
    "contact_phone": "16571603724"
  },
  {
    "id": 38,
    "name": "中国银行",
    "industry": "金融业",
    "registration_code": "9140710081124798",
    "is_active": true,
    "established_date": "2006-01-01",
    "registered_capital": 28000000000,
    "employees": 310000,
    "location": "北京市",
    "esg_score": 67,
    "last_evaluation": "2025-08-22",
    "annual_revenue": 79417253367.48676,
    "carbon_assets": 8,
    "contact_person": "王主任",
    "contact_phone": "19665934505"
  },
  {
    "id": 39,
    "name": "招商银行",
    "industry": "金融业",
    "registration_code": "9130703920493868",
    "is_active": true,
    "established_date": "1987-01-01",
    "registered_capital": 9000000000,
    "employees": 90000,
    "location": "深圳市",
    "esg_score": 80,
    "last_evaluation": "2025-10-27",
    "annual_revenue": 26852579899.060226,
    "carbon_assets": 20,
    "contact_person": "陈董",
    "contact_phone": "13507464409"
  },
  {
    "id": 40,
    "name": "平安银行",
    "industry": "金融业",
    "registration_code": "9160152259066931",
    "is_active": true,
    "established_date": "2004-01-01",
    "registered_capital": 8000000000,
    "employees": 380000,
    "location": "深圳市",
    "esg_score": 62,
    "last_evaluation": "2025-09-13",
    "annual_revenue": 9931727070.895111,
    "carbon_assets": 3,
    "contact_person": "张经理",
    "contact_phone": "14578953067"
  },
  {
    "id": 41,
    "name": "兴业银行",
    "industry": "金融业",
    "registration_code": "9140300131648607",
    "is_active": true,
    "established_date": "1985-01-01",
    "registered_capital": 7500000000,
    "employees": 62000,
    "location": "福州市",
    "esg_score": 63,
    "last_evaluation": "2025-10-11",
    "annual_revenue": 19777631483.826336,
    "carbon_assets": 1,
    "contact_person": "张经理",
    "contact_phone": "18911992581"
  },
  {
    "id": 42,
    "name": "中信证券股份有限公司",
    "industry": "金融业",
    "registration_code": "9187604860760465",
    "is_active": true,
    "established_date": "2010-01-01",
    "registered_capital": 4500000000,
    "employees": 35000,
    "location": "深圳市",
    "esg_score": 70,
    "last_evaluation": "2025-10-24",
    "annual_revenue": 6116597555.965252,
    "carbon_assets": 16,
    "contact_person": "陈董",
    "contact_phone": "13675776648"
  },
  {
    "id": 43,
    "name": "国泰君安证券",
    "industry": "金融业",
    "registration_code": "9124778144670676",
    "is_active": true,
    "established_date": "2007-01-01",
    "registered_capital": 3800000000,
    "employees": 15000,
    "location": "上海市",
    "esg_score": 83,
    "last_evaluation": "2025-10-30",
    "annual_revenue": 5486570070.515344,
    "carbon_assets": 16,
    "contact_person": "赵总监",
    "contact_phone": "16112676921"
  },
  {
    "id": 44,
    "name": "海通证券股份有限公司",
    "industry": "金融业",
    "registration_code": "9157730392614462",
    "is_active": true,
    "established_date": "1993-01-01",
    "registered_capital": 3600000000,
    "employees": 12000,
    "location": "上海市",
    "esg_score": 78,
    "last_evaluation": "2025-09-13",
    "annual_revenue": 4204387523.8307867,
    "carbon_assets": 14,
    "contact_person": "李总",
    "contact_phone": "15773067208"
  },
  {
    "id": 45,
    "name": "中信建投证券",
    "industry": "金融业",
    "registration_code": "9118280517902476",
    "is_active": true,
    "established_date": "2000-01-01",
    "registered_capital": 3200000000,
    "employees": 10000,
    "location": "北京市",
    "esg_score": 59,
    "last_evaluation": "2025-08-17",
    "annual_revenue": 3404146210.7682233,
    "carbon_assets": 7,
    "contact_person": "陈董",
    "contact_phone": "18408826434"
  },
  {
    "id": 46,
    "name": "华泰证券股份有限公司",
    "industry": "金融业",
    "registration_code": "9195801242793081",
    "is_active": true,
    "established_date": "1986-01-01",
    "registered_capital": 3500000000,
    "employees": 15000,
    "location": "南京市",
    "esg_score": 66,
    "last_evaluation": "2025-10-19",
    "annual_revenue": 7832044086.530208,
    "carbon_assets": 13,
    "contact_person": "赵总监",
    "contact_phone": "19600494218"
  },
  {
    "id": 47,
    "name": "广发证券股份有限公司",
    "industry": "金融业",
    "registration_code": "9123271448347390",
    "is_active": true,
    "established_date": "1998-01-01",
    "registered_capital": 3000000000,
    "employees": 13000,
    "location": "广州市",
    "esg_score": 67,
    "last_evaluation": "2025-09-30",
    "annual_revenue": 2773961439.6882367,
    "carbon_assets": 17,
    "contact_person": "张经理",
    "contact_phone": "14382706593"
  },
  {
    "id": 48,
    "name": "中金公司",
    "industry": "金融业",
    "registration_code": "9181204580359278",
    "is_active": true,
    "established_date": "1984-01-01",
    "registered_capital": 2800000000,
    "employees": 11000,
    "location": "北京市",
    "esg_score": 80,
    "last_evaluation": "2025-10-28",
    "annual_revenue": 4356021742.940269,
    "carbon_assets": 19,
    "contact_person": "赵总监",
    "contact_phone": "14610108898"
  },
  {
    "id": 49,
    "name": "申万宏源证券",
    "industry": "金融业",
    "registration_code": "9170096346291887",
    "is_active": true,
    "established_date": "1988-01-01",
    "registered_capital": 2700000000,
    "employees": 9000,
    "location": "上海市",
    "esg_score": 71,
    "last_evaluation": "2025-09-30",
    "annual_revenue": 4453213430.926198,
    "carbon_assets": 5,
    "contact_person": "赵总监",
    "contact_phone": "17131995758"
  },
  {
    "id": 50,
    "name": "东方证券股份有限公司",
    "industry": "金融业",
    "registration_code": "9129711254958753",
    "is_active": true,
    "established_date": "2000-01-01",
    "registered_capital": 2500000000,
    "employees": 8500,
    "location": "上海市",
    "esg_score": 67,
    "last_evaluation": "2025-08-10",
    "annual_revenue": 6930852608.374828,
    "carbon_assets": 5,
    "contact_person": "张经理",
    "contact_phone": "15671413137"
  },
  {
    "id": 51,
    "name": "招商证券股份有限公司",
    "industry": "金融业",
    "registration_code": "9165516037161226",
    "is_active": true,
    "established_date": "1998-01-01",
    "registered_capital": 2600000000,
    "employees": 11000,
    "location": "深圳市",
    "esg_score": 80,
    "last_evaluation": "2025-07-25",
    "annual_revenue": 2023440138.7045937,
    "carbon_assets": 1,
    "contact_person": "赵总监",
    "contact_phone": "19368192000"
  },
  {
    "id": 52,
    "name": "银河证券股份有限公司",
    "industry": "金融业",
    "registration_code": "9121239045778686",
    "is_active": true,
    "established_date": "2013-01-01",
    "registered_capital": 2400000000,
    "employees": 10000,
    "location": "北京市",
    "esg_score": 63,
    "last_evaluation": "2025-10-28",
    "annual_revenue": 4105370616.302976,
    "carbon_assets": 18,
    "contact_person": "赵总监",
    "contact_phone": "17223535862"
  },
  {
    "id": 53,
    "name": "光大证券股份有限公司",
    "industry": "金融业",
    "registration_code": "9145863187687413",
    "is_active": true,
    "established_date": "2013-01-01",
    "registered_capital": 2200000000,
    "employees": 9000,
    "location": "上海市",
    "esg_score": 78,
    "last_evaluation": "2025-10-17",
    "annual_revenue": 5364434056.198951,
    "carbon_assets": 13,
    "contact_person": "李总",
    "contact_phone": "17711103385"
  },
  {
    "id": 54,
    "name": "中信期货有限公司",
    "industry": "金融业",
    "registration_code": "9113954552888193",
    "is_active": true,
    "established_date": "1995-01-01",
    "registered_capital": 1800000000,
    "employees": 6000,
    "location": "深圳市",
    "esg_score": 74,
    "last_evaluation": "2025-10-11",
    "annual_revenue": 1919463990.883061,
    "carbon_assets": 17,
    "contact_person": "陈董",
    "contact_phone": "14211781346"
  },
  {
    "id": 55,
    "name": "国泰君安期货",
    "industry": "金融业",
    "registration_code": "9175612596513300",
    "is_active": true,
    "established_date": "1992-01-01",
    "registered_capital": 1500000000,
    "employees": 4500,
    "location": "上海市",
    "esg_score": 73,
    "last_evaluation": "2025-08-29",
    "annual_revenue": 1042637275.6814175,
    "carbon_assets": 10,
    "contact_person": "李总",
    "contact_phone": "16779568409"
  },
  {
    "id": 56,
    "name": "海通期货股份有限公司",
    "industry": "金融业",
    "registration_code": "9167428540124994",
    "is_active": true,
    "established_date": "2009-01-01",
    "registered_capital": 1200000000,
    "employees": 3500,
    "location": "上海市",
    "esg_score": 78,
    "last_evaluation": "2025-09-14",
    "annual_revenue": 1018300408.6535443,
    "carbon_assets": 3,
    "contact_person": "赵总监",
    "contact_phone": "14573049849"
  },
  {
    "id": 57,
    "name": "南华期货股份有限公司",
    "industry": "金融业",
    "registration_code": "9114439619806701",
    "is_active": true,
    "established_date": "1989-01-01",
    "registered_capital": 1000000000,
    "employees": 3000,
    "location": "杭州市",
    "esg_score": 77,
    "last_evaluation": "2025-09-29",
    "annual_revenue": 1925837235.6873424,
    "carbon_assets": 9,
    "contact_person": "张经理",
    "contact_phone": "18463094472"
  },
  {
    "id": 58,
    "name": "永安期货股份有限公司",
    "industry": "金融业",
    "registration_code": "9150149833701350",
    "is_active": true,
    "established_date": "2016-01-01",
    "registered_capital": 950000000,
    "employees": 2800,
    "location": "杭州市",
    "esg_score": 75,
    "last_evaluation": "2025-07-22",
    "annual_revenue": 2395826821.801177,
    "carbon_assets": 14,
    "contact_person": "李总",
    "contact_phone": "18388237780"
  },
  {
    "id": 59,
    "name": "中信信托有限责任公司",
    "industry": "金融业",
    "registration_code": "9157773132795551",
    "is_active": true,
    "established_date": "1993-01-01",
    "registered_capital": 2000000000,
    "employees": 2000,
    "location": "北京市",
    "esg_score": 77,
    "last_evaluation": "2025-09-20",
    "annual_revenue": 2190600933.0627975,
    "carbon_assets": 10,
    "contact_person": "赵总监",
    "contact_phone": "14545471535"
  },
  {
    "id": 60,
    "name": "平安信托有限责任公司",
    "industry": "金融业",
    "registration_code": "9192841685123234",
    "is_active": true,
    "established_date": "2016-01-01",
    "registered_capital": 1800000000,
    "employees": 1800,
    "location": "深圳市",
    "esg_score": 73,
    "last_evaluation": "2025-09-05",
    "annual_revenue": 3459992833.017705,
    "carbon_assets": 7,
    "contact_person": "李总",
    "contact_phone": "18950018902"
  },
  {
    "id": 61,
    "name": "中融信托管理有限公司",
    "industry": "金融业",
    "registration_code": "9185941388761929",
    "is_active": true,
    "established_date": "1980-01-01",
    "registered_capital": 1500000000,
    "employees": 1500,
    "location": "哈尔滨市",
    "esg_score": 73,
    "last_evaluation": "2025-10-24",
    "annual_revenue": 2549581941.5093355,
    "carbon_assets": 10,
    "contact_person": "张经理",
    "contact_phone": "13556056777"
  },
  {
    "id": 62,
    "name": "华润信托有限责任公司",
    "industry": "金融业",
    "registration_code": "9179386718754678",
    "is_active": true,
    "established_date": "2000-01-01",
    "registered_capital": 1600000000,
    "employees": 1600,
    "location": "深圳市",
    "esg_score": 72,
    "last_evaluation": "2025-08-08",
    "annual_revenue": 3716841815.2454414,
    "carbon_assets": 13,
    "contact_person": "张经理",
    "contact_phone": "19238268565"
  },
  {
    "id": 63,
    "name": "外贸信托有限责任公司",
    "industry": "金融业",
    "registration_code": "9155741137489985",
    "is_active": true,
    "established_date": "2005-01-01",
    "registered_capital": 1400000000,
    "employees": 1400,
    "location": "北京市",
    "esg_score": 71,
    "last_evaluation": "2025-09-07",
    "annual_revenue": 2944722362.765671,
    "carbon_assets": 19,
    "contact_person": "赵总监",
    "contact_phone": "19455702396"
  },
  {
    "id": 64,
    "name": "昆仑信托有限责任公司",
    "industry": "金融业",
    "registration_code": "9111292688536635",
    "is_active": true,
    "established_date": "1983-01-01",
    "registered_capital": 1200000000,
    "employees": 1200,
    "location": "宁波市",
    "esg_score": 76,
    "last_evaluation": "2025-07-31",
    "annual_revenue": 2391673724.8663063,
    "carbon_assets": 7,
    "contact_person": "赵总监",
    "contact_phone": "19200875709"
  },
  {
    "id": 65,
    "name": "五矿信托有限公司",
    "industry": "金融业",
    "registration_code": "9136241646857995",
    "is_active": true,
    "established_date": "1989-01-01",
    "registered_capital": 1300000000,
    "employees": 1300,
    "location": "西宁市",
    "esg_score": 73,
    "last_evaluation": "2025-08-30",
    "annual_revenue": 3778587522.5644546,
    "carbon_assets": 1,
    "contact_person": "陈董",
    "contact_phone": "15111942935"
  },
  {
    "id": 66,
    "name": "百瑞信托有限责任公司",
    "industry": "金融业",
    "registration_code": "9132916012828420",
    "is_active": true,
    "established_date": "1985-01-01",
    "registered_capital": 1000000000,
    "employees": 1000,
    "location": "郑州市",
    "esg_score": 67,
    "last_evaluation": "2025-08-03",
    "annual_revenue": 2873330370.8585644,
    "carbon_assets": 5,
    "contact_person": "陈董",
    "contact_phone": "17101198936"
  },
  {
    "id": 67,
    "name": "大华股份",
    "industry": "信息技术",
    "registration_code": "9142431851645940",
    "is_active": true,
    "established_date": "2001-01-01",
    "registered_capital": 850000000,
    "employees": 18000,
    "location": "杭州市",
    "esg_score": 69,
    "last_evaluation": "2025-07-26",
    "annual_revenue": 2213815593.0476775,
    "carbon_assets": 13,
    "contact_person": "赵总监",
    "contact_phone": "17904619566"
  },
  {
    "id": 68,
    "name": "海康威视",
    "industry": "信息技术",
    "registration_code": "9193362671217344",
    "is_active": true,
    "established_date": "2006-01-01",
    "registered_capital": 950000000,
    "employees": 42000,
    "location": "杭州市",
    "esg_score": 78,
    "last_evaluation": "2025-09-10",
    "annual_revenue": 1019859126.8622711,
    "carbon_assets": 2,
    "contact_person": "李总",
    "contact_phone": "17672474943"
  },
  {
    "id": 69,
    "name": "科大讯飞股份有限公司",
    "industry": "信息技术",
    "registration_code": "9163344611495211",
    "is_active": true,
    "established_date": "1984-01-01",
    "registered_capital": 750000000,
    "employees": 14000,
    "location": "合肥市",
    "esg_score": 76,
    "last_evaluation": "2025-11-11",
    "annual_revenue": 785710335.3581643,
    "carbon_assets": 3,
    "contact_person": "赵总监",
    "contact_phone": "18174540783"
  },
  {
    "id": 70,
    "name": "紫光股份有限公司",
    "industry": "信息技术",
    "registration_code": "9181753267024569",
    "is_active": true,
    "established_date": "2005-01-01",
    "registered_capital": 650000000,
    "employees": 18000,
    "location": "北京市",
    "esg_score": 65,
    "last_evaluation": "2025-11-13",
    "annual_revenue": 602555921.0775453,
    "carbon_assets": 4,
    "contact_person": "张经理",
    "contact_phone": "15918816959"
  },
  {
    "id": 71,
    "name": "浪潮信息股份有限公司",
    "industry": "信息技术",
    "registration_code": "9183039743341702",
    "is_active": true,
    "established_date": "1988-01-01",
    "registered_capital": 700000000,
    "employees": 23000,
    "location": "济南市",
    "esg_score": 70,
    "last_evaluation": "2025-08-10",
    "annual_revenue": 1413634299.449914,
    "carbon_assets": 10,
    "contact_person": "李总",
    "contact_phone": "14819154834"
  },
  {
    "id": 72,
    "name": "中科曙光股份有限公司",
    "industry": "信息技术",
    "registration_code": "9142968680690785",
    "is_active": true,
    "established_date": "1999-01-01",
    "registered_capital": 600000000,
    "employees": 9000,
    "location": "北京市",
    "esg_score": 79,
    "last_evaluation": "2025-08-25",
    "annual_revenue": 1125276820.436627,
    "carbon_assets": 4,
    "contact_person": "王主任",
    "contact_phone": "16109445822"
  },
  {
    "id": 73,
    "name": "神州数码控股有限公司",
    "industry": "信息技术",
    "registration_code": "9181841154676130",
    "is_active": true,
    "established_date": "2016-01-01",
    "registered_capital": 550000000,
    "employees": 12000,
    "location": "深圳市",
    "esg_score": 74,
    "last_evaluation": "2025-09-21",
    "annual_revenue": 1149797541.1870356,
    "carbon_assets": 9,
    "contact_person": "王主任",
    "contact_phone": "15874196227"
  },
  {
    "id": 74,
    "name": "东软集团股份有限公司",
    "industry": "信息技术",
    "registration_code": "9177398433028150",
    "is_active": true,
    "established_date": "1982-01-01",
    "registered_capital": 500000000,
    "employees": 15000,
    "location": "沈阳市",
    "esg_score": 84,
    "last_evaluation": "2025-09-11",
    "annual_revenue": 771957395.0296799,
    "carbon_assets": 7,
    "contact_person": "陈董",
    "contact_phone": "15148412853"
  },
  {
    "id": 75,
    "name": "用友网络科技股份有限公司",
    "industry": "信息技术",
    "registration_code": "9181983973728696",
    "is_active": true,
    "established_date": "2014-01-01",
    "registered_capital": 480000000,
    "employees": 19000,
    "location": "北京市",
    "esg_score": 66,
    "last_evaluation": "2025-10-28",
    "annual_revenue": 503606813.32895243,
    "carbon_assets": 18,
    "contact_person": "王主任",
    "contact_phone": "13723351721"
  },
  {
    "id": 76,
    "name": "金蝶国际软件集团",
    "industry": "信息技术",
    "registration_code": "9186244259863221",
    "is_active": true,
    "established_date": "1984-01-01",
    "registered_capital": 350000000,
    "employees": 11000,
    "location": "深圳市",
    "esg_score": 71,
    "last_evaluation": "2025-11-07",
    "annual_revenue": 990132579.6586459,
    "carbon_assets": 8,
    "contact_person": "赵总监",
    "contact_phone": "15521580076"
  },
  {
    "id": 77,
    "name": "金山软件股份有限公司",
    "industry": "信息技术",
    "registration_code": "9160026994408833",
    "is_active": true,
    "established_date": "1993-01-01",
    "registered_capital": 320000000,
    "employees": 8500,
    "location": "北京市",
    "esg_score": 67,
    "last_evaluation": "2025-10-27",
    "annual_revenue": 302043730.5393971,
    "carbon_assets": 10,
    "contact_person": "李总",
    "contact_phone": "13516863646"
  },
  {
    "id": 78,
    "name": "WPS Office",
    "industry": "信息技术",
    "registration_code": "9189012049964298",
    "is_active": true,
    "established_date": "1988-01-01",
    "registered_capital": 300000000,
    "employees": 7500,
    "location": "北京市",
    "esg_score": 75,
    "last_evaluation": "2025-09-01",
    "annual_revenue": 266591879.00461006,
    "carbon_assets": 12,
    "contact_person": "李总",
    "contact_phone": "14263304563"
  },
  {
    "id": 79,
    "name": "启明星辰信息技术",
    "industry": "信息技术",
    "registration_code": "9182282522932059",
    "is_active": true,
    "established_date": "1988-01-01",
    "registered_capital": 280000000,
    "employees": 4500,
    "location": "北京市",
    "esg_score": 59,
    "last_evaluation": "2025-08-16",
    "annual_revenue": 456282248.37196094,
    "carbon_assets": 8,
    "contact_person": "王主任",
    "contact_phone": "17439557372"
  },
  {
    "id": 80,
    "name": "深信服科技股份有限公司",
    "industry": "信息技术",
    "registration_code": "9159597370267404",
    "is_active": true,
    "established_date": "2002-01-01",
    "registered_capital": 420000000,
    "employees": 8500,
    "location": "深圳市",
    "esg_score": 84,
    "last_evaluation": "2025-07-31",
    "annual_revenue": 349485688.0977589,
    "carbon_assets": 6,
    "contact_person": "张经理",
    "contact_phone": "18265856995"
  },
  {
    "id": 81,
    "name": "天融信科技集团",
    "industry": "信息技术",
    "registration_code": "9158364493789406",
    "is_active": true,
    "established_date": "2004-01-01",
    "registered_capital": 380000000,
    "employees": 6500,
    "location": "北京市",
    "esg_score": 61,
    "last_evaluation": "2025-09-12",
    "annual_revenue": 993638233.6900431,
    "carbon_assets": 8,
    "contact_person": "李总",
    "contact_phone": "14614279015"
  },
  {
    "id": 82,
    "name": "卫士通信息产业股份有限公司",
    "industry": "信息技术",
    "registration_code": "9186324120458602",
    "is_active": true,
    "established_date": "1992-01-01",
    "registered_capital": 320000000,
    "employees": 4500,
    "location": "成都市",
    "esg_score": 70,
    "last_evaluation": "2025-11-03",
    "annual_revenue": 805181141.9940814,
    "carbon_assets": 19,
    "contact_person": "张经理",
    "contact_phone": "19612763678"
  },
  {
    "id": 83,
    "name": "北信源科技股份有限公司",
    "industry": "信息技术",
    "registration_code": "9116843191724424",
    "is_active": true,
    "established_date": "1981-01-01",
    "registered_capital": 250000000,
    "employees": 2800,
    "location": "北京市",
    "esg_score": 72,
    "last_evaluation": "2025-08-22",
    "annual_revenue": 671582071.7246192,
    "carbon_assets": 18,
    "contact_person": "赵总监",
    "contact_phone": "14302434843"
  },
  {
    "id": 84,
    "name": "绿盟科技集团",
    "industry": "信息技术",
    "registration_code": "9132990117130111",
    "is_active": true,
    "established_date": "2003-01-01",
    "registered_capital": 280000000,
    "employees": 3500,
    "location": "北京市",
    "esg_score": 74,
    "last_evaluation": "2025-11-09",
    "annual_revenue": 598323095.6145042,
    "carbon_assets": 3,
    "contact_person": "李总",
    "contact_phone": "14751235253"
  },
  {
    "id": 85,
    "name": "奇安信科技集团",
    "industry": "信息技术",
    "registration_code": "9112190585584577",
    "is_active": true,
    "established_date": "1993-01-01",
    "registered_capital": 450000000,
    "employees": 8500,
    "location": "北京市",
    "esg_score": 63,
    "last_evaluation": "2025-09-10",
    "annual_revenue": 415434496.1193959,
    "carbon_assets": 20,
    "contact_person": "张经理",
    "contact_phone": "15571348359"
  },
  {
    "id": 86,
    "name": "安恒信息技术股份有限公司",
    "industry": "信息技术",
    "registration_code": "9122922142761382",
    "is_active": true,
    "established_date": "2007-01-01",
    "registered_capital": 220000000,
    "employees": 2500,
    "location": "杭州市",
    "esg_score": 67,
    "last_evaluation": "2025-10-10",
    "annual_revenue": 350082740.27482194,
    "carbon_assets": 14,
    "contact_person": "陈董",
    "contact_phone": "19616345829"
  },
  {
    "id": 87,
    "name": "山石网科通信技术",
    "industry": "信息技术",
    "registration_code": "9152479848683421",
    "is_active": true,
    "established_date": "1986-01-01",
    "registered_capital": 200000000,
    "employees": 2000,
    "location": "苏州市",
    "esg_score": 79,
    "last_evaluation": "2025-10-14",
    "annual_revenue": 327147979.1669941,
    "carbon_assets": 2,
    "contact_person": "陈董",
    "contact_phone": "15418177422"
  },
  {
    "id": 88,
    "name": "亚信安全科技",
    "industry": "信息技术",
    "registration_code": "9160562797189242",
    "is_active": true,
    "established_date": "1995-01-01",
    "registered_capital": 240000000,
    "employees": 3000,
    "location": "南京市",
    "esg_score": 59,
    "last_evaluation": "2025-07-27",
    "annual_revenue": 266955265.60073704,
    "carbon_assets": 16,
    "contact_person": "赵总监",
    "contact_phone": "17586469093"
  },
  {
    "id": 89,
    "name": "新华三集团",
    "industry": "信息技术",
    "registration_code": "9182621821828977",
    "is_active": true,
    "established_date": "2014-01-01",
    "registered_capital": 850000000,
    "employees": 15000,
    "location": "杭州市",
    "esg_score": 75,
    "last_evaluation": "2025-09-06",
    "annual_revenue": 1860355791.3314672,
    "carbon_assets": 1,
    "contact_person": "赵总监",
    "contact_phone": "17708174799"
  },
  {
    "id": 90,
    "name": "锐捷网络股份有限公司",
    "industry": "信息技术",
    "registration_code": "9119662267423518",
    "is_active": true,
    "established_date": "1982-01-01",
    "registered_capital": 320000000,
    "employees": 6500,
    "location": "福州市",
    "esg_score": 62,
    "last_evaluation": "2025-10-28",
    "annual_revenue": 827750480.7950944,
    "carbon_assets": 2,
    "contact_person": "王主任",
    "contact_phone": "19884343831"
  },
  {
    "id": 91,
    "name": "星网锐捷股份有限公司",
    "industry": "信息技术",
    "registration_code": "9193785091311814",
    "is_active": true,
    "established_date": "1990-01-01",
    "registered_capital": 280000000,
    "employees": 5500,
    "location": "福州市",
    "esg_score": 72,
    "last_evaluation": "2025-08-09",
    "annual_revenue": 366138418.82785666,
    "carbon_assets": 20,
    "contact_person": "张经理",
    "contact_phone": "17650389533"
  },
  {
    "id": 92,
    "name": "烽火通信科技股份有限公司",
    "industry": "信息技术",
    "registration_code": "9138916157184740",
    "is_active": true,
    "established_date": "1982-01-01",
    "registered_capital": 750000000,
    "employees": 18000,
    "location": "武汉市",
    "esg_score": 70,
    "last_evaluation": "2025-09-14",
    "annual_revenue": 621201452.789359,
    "carbon_assets": 4,
    "contact_person": "赵总监",
    "contact_phone": "19831066224"
  },
  {
    "id": 93,
    "name": "中兴通讯股份有限公司",
    "industry": "信息技术",
    "registration_code": "9189724574665436",
    "is_active": true,
    "established_date": "1996-01-01",
    "registered_capital": 1200000000,
    "employees": 75000,
    "location": "深圳市",
    "esg_score": 60,
    "last_evaluation": "2025-10-02",
    "annual_revenue": 797620393.4029056,
    "carbon_assets": 9,
    "contact_person": "张经理",
    "contact_phone": "14593250828"
  },
  {
    "id": 94,
    "name": "小米科技有限责任公司",
    "industry": "信息技术",
    "registration_code": "9191760627103625",
    "is_active": true,
    "established_date": "2012-01-01",
    "registered_capital": 950000000,
    "employees": 33000,
    "location": "北京市",
    "esg_score": 62,
    "last_evaluation": "2025-08-13",
    "annual_revenue": 1888365353.2750683,
    "carbon_assets": 2,
    "contact_person": "张经理",
    "contact_phone": "16572615315"
  },
  {
    "id": 95,
    "name": "OPPO广东移动通信",
    "industry": "信息技术",
    "registration_code": "9196857860241097",
    "is_active": true,
    "established_date": "1992-01-01",
    "registered_capital": 850000000,
    "employees": 40000,
    "location": "东莞市",
    "esg_score": 76,
    "last_evaluation": "2025-09-26",
    "annual_revenue": 2483940364.5948877,
    "carbon_assets": 7,
    "contact_person": "王主任",
    "contact_phone": "16864926392"
  },
  {
    "id": 96,
    "name": "维沃移动通信",
    "industry": "信息技术",
    "registration_code": "9147707383477663",
    "is_active": true,
    "established_date": "1980-01-01",
    "registered_capital": 800000000,
    "employees": 38000,
    "location": "东莞市",
    "esg_score": 83,
    "last_evaluation": "2025-08-28",
    "annual_revenue": 2242097843.0432425,
    "carbon_assets": 14,
    "contact_person": "陈董",
    "contact_phone": "19620809178"
  },
  {
    "id": 97,
    "name": "联想集团",
    "industry": "信息技术",
    "registration_code": "9111118877126807",
    "is_active": true,
    "established_date": "1993-01-01",
    "registered_capital": 1500000000,
    "employees": 75000,
    "location": "北京市",
    "esg_score": 64,
    "last_evaluation": "2025-09-05",
    "annual_revenue": 4373875817.750181,
    "carbon_assets": 20,
    "contact_person": "赵总监",
    "contact_phone": "14277427170"
  },
  {
    "id": 98,
    "name": "北京嘀嘀无限科技",
    "industry": "信息技术",
    "registration_code": "9198316072153878",
    "is_active": true,
    "established_date": "2008-01-01",
    "registered_capital": 700000000,
    "employees": 15000,
    "location": "北京市",
    "esg_score": 80,
    "last_evaluation": "2025-07-22",
    "annual_revenue": 1070663032.6100707,
    "carbon_assets": 12,
    "contact_person": "赵总监",
    "contact_phone": "19102648127"
  },
  {
    "id": 99,
    "name": "北京三快在线科技",
    "industry": "信息技术",
    "registration_code": "9170409821386315",
    "is_active": true,
    "established_date": "2006-01-01",
    "registered_capital": 650000000,
    "employees": 55000,
    "location": "北京市",
    "esg_score": 63,
    "last_evaluation": "2025-08-22",
    "annual_revenue": 1647899713.3001518,
    "carbon_assets": 4,
    "contact_person": "赵总监",
    "contact_phone": "18354919524"
  },
  {
    "id": 100,
    "name": "上海阅文信息技术",
    "industry": "信息技术",
    "registration_code": "9157232429689797",
    "is_active": true,
    "established_date": "2002-01-01",
    "registered_capital": 320000000,
    "employees": 8500,
    "location": "上海市",
    "esg_score": 81,
    "last_evaluation": "2025-07-27",
    "annual_revenue": 466387423.12944376,
    "carbon_assets": 1,
    "contact_person": "陈董",
    "contact_phone": "17669041587"
  },
  {
    "id": 101,
    "name": "网易计算机系统",
    "industry": "信息技术",
    "registration_code": "9177649080496376",
    "is_active": true,
    "established_date": "2015-01-01",
    "registered_capital": 900000000,
    "employees": 28000,
    "location": "杭州市",
    "esg_score": 77,
    "last_evaluation": "2025-07-26",
    "annual_revenue": 1219583330.396505,
    "carbon_assets": 0,
    "contact_person": "赵总监",
    "contact_phone": "13441417309"
  },
  {
    "id": 102,
    "name": "完美世界股份有限公司",
    "industry": "信息技术",
    "registration_code": "9130298370312688",
    "is_active": true,
    "established_date": "2011-01-01",
    "registered_capital": 420000000,
    "employees": 6500,
    "location": "北京市",
    "esg_score": 64,
    "last_evaluation": "2025-10-05",
    "annual_revenue": 893733852.0044515,
    "carbon_assets": 7,
    "contact_person": "王主任",
    "contact_phone": "14690875284"
  },
  {
    "id": 103,
    "name": "三七互娱（上海）科技",
    "industry": "信息技术",
    "registration_code": "9148234318885562",
    "is_active": true,
    "established_date": "2003-01-01",
    "registered_capital": 380000000,
    "employees": 4500,
    "location": "上海市",
    "esg_score": 72,
    "last_evaluation": "2025-09-15",
    "annual_revenue": 952050376.9729227,
    "carbon_assets": 5,
    "contact_person": "张经理",
    "contact_phone": "18929622490"
  },
  {
    "id": 104,
    "name": "世纪华通",
    "industry": "信息技术",
    "registration_code": "9187469448378993",
    "is_active": true,
    "established_date": "1995-01-01",
    "registered_capital": 450000000,
    "employees": 8000,
    "location": "绍兴市",
    "esg_score": 84,
    "last_evaluation": "2025-10-03",
    "annual_revenue": 808835269.6367671,
    "carbon_assets": 1,
    "contact_person": "陈董",
    "contact_phone": "15350705881"
  },
  {
    "id": 105,
    "name": "游族网络股份有限公司",
    "industry": "信息技术",
    "registration_code": "9195972859360292",
    "is_active": true,
    "established_date": "2016-01-01",
    "registered_capital": 280000000,
    "employees": 3500,
    "location": "上海市",
    "esg_score": 73,
    "last_evaluation": "2025-11-13",
    "annual_revenue": 669575045.5159161,
    "carbon_assets": 13,
    "contact_person": "赵总监",
    "contact_phone": "15303785897"
  },
  {
    "id": 106,
    "name": "吉比特股份有限公司",
    "industry": "信息技术",
    "registration_code": "9181707081000374",
    "is_active": true,
    "established_date": "1992-01-01",
    "registered_capital": 220000000,
    "employees": 1500,
    "location": "厦门市",
    "esg_score": 66,
    "last_evaluation": "2025-10-11",
    "annual_revenue": 170687984.12834218,
    "carbon_assets": 5,
    "contact_person": "赵总监",
    "contact_phone": "15973742334"
  },
  {
    "id": 107,
    "name": "米哈游网络科技",
    "industry": "信息技术",
    "registration_code": "9177674697197291",
    "is_active": true,
    "established_date": "1997-01-01",
    "registered_capital": 500000000,
    "employees": 4000,
    "location": "上海市",
    "esg_score": 73,
    "last_evaluation": "2025-08-04",
    "annual_revenue": 1050921548.181082,
    "carbon_assets": 8,
    "contact_person": "陈董",
    "contact_phone": "15308143429"
  },
  {
    "id": 108,
    "name": "莉莉丝游戏",
    "industry": "信息技术",
    "registration_code": "9197420033121829",
    "is_active": true,
    "established_date": "1988-01-01",
    "registered_capital": 350000000,
    "employees": 2000,
    "location": "上海市",
    "esg_score": 82,
    "last_evaluation": "2025-07-29",
    "annual_revenue": 626203736.6901662,
    "carbon_assets": 1,
    "contact_person": "李总",
    "contact_phone": "16135360098"
  },
  {
    "id": 109,
    "name": "叠纸游戏科技",
    "industry": "信息技术",
    "registration_code": "9120240959145087",
    "is_active": true,
    "established_date": "1985-01-01",
    "registered_capital": 250000000,
    "employees": 1500,
    "location": "上海市",
    "esg_score": 63,
    "last_evaluation": "2025-09-17",
    "annual_revenue": 368539772.12781775,
    "carbon_assets": 3,
    "contact_person": "张经理",
    "contact_phone": "13875374263"
  },
  {
    "id": 110,
    "name": "鹰角网络",
    "industry": "信息技术",
    "registration_code": "9185456131758472",
    "is_active": true,
    "established_date": "1993-01-01",
    "registered_capital": 200000000,
    "employees": 1000,
    "location": "上海市",
    "esg_score": 78,
    "last_evaluation": "2025-11-02",
    "annual_revenue": 596282930.6598616,
    "carbon_assets": 13,
    "contact_person": "张经理",
    "contact_phone": "15283560744"
  },
  {
    "id": 111,
    "name": "趣加互娱",
    "industry": "信息技术",
    "registration_code": "9129621630807427",
    "is_active": true,
    "established_date": "1996-01-01",
    "registered_capital": 180000000,
    "employees": 800,
    "location": "上海市",
    "esg_score": 63,
    "last_evaluation": "2025-08-26",
    "annual_revenue": 365745467.8809834,
    "carbon_assets": 16,
    "contact_person": "李总",
    "contact_phone": "14500192721"
  },
  {
    "id": 112,
    "name": "波克科技股份有限公司",
    "industry": "信息技术",
    "registration_code": "9182380155478053",
    "is_active": true,
    "established_date": "1990-01-01",
    "registered_capital": 150000000,
    "employees": 700,
    "location": "上海市",
    "esg_score": 79,
    "last_evaluation": "2025-10-04",
    "annual_revenue": 246864320.01756984,
    "carbon_assets": 4,
    "contact_person": "李总",
    "contact_phone": "13717355367"
  },
  {
    "id": 113,
    "name": "友塔网络科技",
    "industry": "信息技术",
    "registration_code": "9168268477998308",
    "is_active": true,
    "established_date": "2002-01-01",
    "registered_capital": 120000000,
    "employees": 500,
    "location": "上海市",
    "esg_score": 81,
    "last_evaluation": "2025-09-22",
    "annual_revenue": 286510460.8399495,
    "carbon_assets": 2,
    "contact_person": "陈董",
    "contact_phone": "14491114321"
  },
  {
    "id": 114,
    "name": "叠纸游戏",
    "industry": "信息技术",
    "registration_code": "9197090195868653",
    "is_active": true,
    "established_date": "1999-01-01",
    "registered_capital": 300000000,
    "employees": 2000,
    "location": "上海市",
    "esg_score": 76,
    "last_evaluation": "2025-08-11",
    "annual_revenue": 186854349.1743925,
    "carbon_assets": 1,
    "contact_person": "张经理",
    "contact_phone": "15533609832"
  },
  {
    "id": 115,
    "name": "米哈游",
    "industry": "信息技术",
    "registration_code": "9164123742240223",
    "is_active": true,
    "established_date": "1987-01-01",
    "registered_capital": 800000000,
    "employees": 5000,
    "location": "上海市",
    "esg_score": 73,
    "last_evaluation": "2025-10-01",
    "annual_revenue": 408526858.16273713,
    "carbon_assets": 16,
    "contact_person": "陈董",
    "contact_phone": "18197673312"
  },
  {
    "id": 116,
    "name": "南智116股份有限公司",
    "industry": "金融业",
    "registration_code": "9161226113131236",
    "is_active": false,
    "established_date": "2022-11-15",
    "registered_capital": 169800000,
    "employees": 3075,
    "location": "广州市",
    "esg_score": 76,
    "last_evaluation": "2025-08-26",
    "annual_revenue": 439690868.21306837,
    "carbon_assets": 10,
    "contact_person": "王主任",
    "contact_phone": "17648885968"
  },
  {
    "id": 117,
    "name": "东华117股份有限公司",
    "industry": "新能源",
    "registration_code": "9146051264291417",
    "is_active": false,
    "established_date": "2002-11-20",
    "registered_capital": 366980000,
    "employees": 4542,
    "location": "天津区",
    "esg_score": 74,
    "last_evaluation": "2025-08-25",
    "annual_revenue": 669990639.6528313,
    "carbon_assets": 3,
    "contact_person": "王主任",
    "contact_phone": "17634383795"
  },
  {
    "id": 118,
    "name": "南华118科技有限公司",
    "industry": "建筑工程",
    "registration_code": "9184598184996095",
    "is_active": false,
    "established_date": "2009-11-18",
    "registered_capital": 405230000,
    "employees": 3758,
    "location": "西安市",
    "esg_score": 65,
    "last_evaluation": "2025-08-20",
    "annual_revenue": 1093593912.5490372,
    "carbon_assets": 7,
    "contact_person": "张经理",
    "contact_phone": "13793993465"
  },
  {
    "id": 119,
    "name": "地智119科技有限公司",
    "industry": "信息技术",
    "registration_code": "9178864662998977",
    "is_active": true,
    "established_date": "2010-11-18",
    "registered_capital": 388180000,
    "employees": 4000,
    "location": "苏州市",
    "esg_score": 81,
    "last_evaluation": "2025-09-09",
    "annual_revenue": 463839848.51605296,
    "carbon_assets": 14,
    "contact_person": "李总",
    "contact_phone": "14406542556"
  },
  {
    "id": 120,
    "name": "东绿120科技有限公司",
    "industry": "新能源",
    "registration_code": "9128740965335729",
    "is_active": true,
    "established_date": "2011-11-18",
    "registered_capital": 306360000,
    "employees": 249,
    "location": "上海区",
    "esg_score": 65,
    "last_evaluation": "2025-10-12",
    "annual_revenue": 461210570.27186584,
    "carbon_assets": 5,
    "contact_person": "张经理",
    "contact_phone": "17295420965"
  },
  {
    "id": 121,
    "name": "国绿121控股有限公司",
    "industry": "化工材料",
    "registration_code": "9172292389825273",
    "is_active": true,
    "established_date": "2015-11-17",
    "registered_capital": 27030000,
    "employees": 1690,
    "location": "深圳市",
    "esg_score": 58,
    "last_evaluation": "2025-09-30",
    "annual_revenue": 53707660.317993335,
    "carbon_assets": 1,
    "contact_person": "王主任",
    "contact_phone": "17372108156"
  },
  {
    "id": 122,
    "name": "天华122股份有限公司",
    "industry": "新能源",
    "registration_code": "9193097055383850",
    "is_active": true,
    "established_date": "2001-11-20",
    "registered_capital": 442870000,
    "employees": 3476,
    "location": "郑州区",
    "esg_score": 78,
    "last_evaluation": "2025-08-23",
    "annual_revenue": 567646991.1893271,
    "carbon_assets": 20,
    "contact_person": "王主任",
    "contact_phone": "15865985098"
  },
  {
    "id": 123,
    "name": "南智123有限有限公司",
    "industry": "金融科技",
    "registration_code": "9188805114708749",
    "is_active": true,
    "established_date": "2001-11-20",
    "registered_capital": 19610000,
    "employees": 2371,
    "location": "南京市",
    "esg_score": 75,
    "last_evaluation": "2025-09-08",
    "annual_revenue": 42791155.36082588,
    "carbon_assets": 20,
    "contact_person": "王主任",
    "contact_phone": "18361323504"
  },
  {
    "id": 124,
    "name": "中创124能源有限公司",
    "industry": "金融业",
    "registration_code": "9128289329523353",
    "is_active": true,
    "established_date": "2005-11-19",
    "registered_capital": 334900000,
    "employees": 3139,
    "location": "成都市",
    "esg_score": 58,
    "last_evaluation": "2025-08-25",
    "annual_revenue": 887661027.4619591,
    "carbon_assets": 5,
    "contact_person": "张经理",
    "contact_phone": "14719146721"
  },
  {
    "id": 125,
    "name": "北创125科技有限公司",
    "industry": "咨询服务",
    "registration_code": "9117846673305581",
    "is_active": true,
    "established_date": "2001-11-20",
    "registered_capital": 937670000,
    "employees": 3995,
    "location": "天津区",
    "esg_score": 64,
    "last_evaluation": "2025-09-30",
    "annual_revenue": 568738834.3961011,
    "carbon_assets": 10,
    "contact_person": "王主任",
    "contact_phone": "13445438171"
  },
  {
    "id": 126,
    "name": "西创126控股有限公司",
    "industry": "金融科技",
    "registration_code": "9132525840613570",
    "is_active": true,
    "established_date": "2013-11-17",
    "registered_capital": 755700000,
    "employees": 4942,
    "location": "深圳区",
    "esg_score": 69,
    "last_evaluation": "2025-08-13",
    "annual_revenue": 2130514109.846882,
    "carbon_assets": 1,
    "contact_person": "李总",
    "contact_phone": "15284065754"
  },
  {
    "id": 127,
    "name": "地智127投资有限公司",
    "industry": "建筑工程",
    "registration_code": "9125276536633237",
    "is_active": true,
    "established_date": "2017-11-16",
    "registered_capital": 860870000,
    "employees": 2970,
    "location": "苏州区",
    "esg_score": 71,
    "last_evaluation": "2025-08-11",
    "annual_revenue": 1568446385.1316354,
    "carbon_assets": 10,
    "contact_person": "李总",
    "contact_phone": "15776778819"
  },
  {
    "id": 128,
    "name": "海智128控股有限公司",
    "industry": "制造业",
    "registration_code": "9161722915433718",
    "is_active": true,
    "established_date": "2021-11-15",
    "registered_capital": 147860000,
    "employees": 1374,
    "location": "南京市",
    "esg_score": 51,
    "last_evaluation": "2025-09-12",
    "annual_revenue": 266895190.24491623,
    "carbon_assets": 11,
    "contact_person": "王主任",
    "contact_phone": "19184148029"
  },
  {
    "id": 129,
    "name": "海绿129有限有限公司",
    "industry": "生物医药",
    "registration_code": "9130177145250963",
    "is_active": true,
    "established_date": "2011-11-18",
    "registered_capital": 589600000,
    "employees": 645,
    "location": "北京市",
    "esg_score": 55,
    "last_evaluation": "2025-10-02",
    "annual_revenue": 1584423951.0590303,
    "carbon_assets": 14,
    "contact_person": "张经理",
    "contact_phone": "17409613771"
  },
  {
    "id": 130,
    "name": "国创130控股有限公司",
    "industry": "金融科技",
    "registration_code": "9113578383671481",
    "is_active": false,
    "established_date": "2000-11-20",
    "registered_capital": 322240000,
    "employees": 198,
    "location": "重庆区",
    "esg_score": 79,
    "last_evaluation": "2025-08-08",
    "annual_revenue": 885854191.4946085,
    "carbon_assets": 3,
    "contact_person": "王主任",
    "contact_phone": "14696569254"
  },
  {
    "id": 131,
    "name": "东创131能源有限公司",
    "industry": "金融业",
    "registration_code": "9117580767769760",
    "is_active": false,
    "established_date": "2021-11-15",
    "registered_capital": 771340000,
    "employees": 986,
    "location": "长沙区",
    "esg_score": 74,
    "last_evaluation": "2025-07-30",
    "annual_revenue": 2307896807.340923,
    "carbon_assets": 18,
    "contact_person": "李总",
    "contact_phone": "16773438877"
  },
  {
    "id": 132,
    "name": "东智132股份有限公司",
    "industry": "农业科技",
    "registration_code": "9134437536294373",
    "is_active": true,
    "established_date": "2001-11-20",
    "registered_capital": 226270000,
    "employees": 949,
    "location": "郑州区",
    "esg_score": 62,
    "last_evaluation": "2025-10-20",
    "annual_revenue": 176636575.86300159,
    "carbon_assets": 10,
    "contact_person": "张经理",
    "contact_phone": "17265249999"
  },
  {
    "id": 133,
    "name": "西华133投资有限公司",
    "industry": "化工材料",
    "registration_code": "9125712343834113",
    "is_active": true,
    "established_date": "2020-11-15",
    "registered_capital": 579570000,
    "employees": 3230,
    "location": "广州市",
    "esg_score": 65,
    "last_evaluation": "2025-08-25",
    "annual_revenue": 1423523831.357834,
    "carbon_assets": 17,
    "contact_person": "王主任",
    "contact_phone": "13316407866"
  },
  {
    "id": 134,
    "name": "地创134集团有限公司",
    "industry": "新能源汽车",
    "registration_code": "9146058235588861",
    "is_active": true,
    "established_date": "2013-11-17",
    "registered_capital": 501400000,
    "employees": 2652,
    "location": "郑州市",
    "esg_score": 69,
    "last_evaluation": "2025-10-07",
    "annual_revenue": 607666145.1619571,
    "carbon_assets": 5,
    "contact_person": "张经理",
    "contact_phone": "15917497683"
  },
  {
    "id": 135,
    "name": "中智135能源有限公司",
    "industry": "新能源汽车",
    "registration_code": "9132899782084743",
    "is_active": false,
    "established_date": "2015-11-17",
    "registered_capital": 77470000,
    "employees": 2240,
    "location": "广州市",
    "esg_score": 59,
    "last_evaluation": "2025-09-22",
    "annual_revenue": 199362626.7128771,
    "carbon_assets": 16,
    "contact_person": "王主任",
    "contact_phone": "18480272551"
  },
  {
    "id": 136,
    "name": "国智136投资有限公司",
    "industry": "农业科技",
    "registration_code": "9158209551588055",
    "is_active": true,
    "established_date": "2021-11-15",
    "registered_capital": 376680000,
    "employees": 1800,
    "location": "合肥区",
    "esg_score": 71,
    "last_evaluation": "2025-08-07",
    "annual_revenue": 889858355.6601421,
    "carbon_assets": 11,
    "contact_person": "张经理",
    "contact_phone": "18488970164"
  },
  {
    "id": 137,
    "name": "中智137有限有限公司",
    "industry": "新能源汽车",
    "registration_code": "9178749868268714",
    "is_active": false,
    "established_date": "2001-11-20",
    "registered_capital": 488330000,
    "employees": 2425,
    "location": "无锡区",
    "esg_score": 75,
    "last_evaluation": "2025-09-12",
    "annual_revenue": 783539045.2626444,
    "carbon_assets": 10,
    "contact_person": "张经理",
    "contact_phone": "16155606341"
  },
  {
    "id": 138,
    "name": "南华138有限有限公司",
    "industry": "建筑工程",
    "registration_code": "9173798248681015",
    "is_active": true,
    "established_date": "2000-11-20",
    "registered_capital": 324640000,
    "employees": 436,
    "location": "广州市",
    "esg_score": 62,
    "last_evaluation": "2025-11-09",
    "annual_revenue": 844853951.0531495,
    "carbon_assets": 3,
    "contact_person": "王主任",
    "contact_phone": "19213299056"
  },
  {
    "id": 139,
    "name": "西绿139能源有限公司",
    "industry": "制造业",
    "registration_code": "9116997848225572",
    "is_active": true,
    "established_date": "2002-11-20",
    "registered_capital": 338200000,
    "employees": 2990,
    "location": "大连市",
    "esg_score": 60,
    "last_evaluation": "2025-10-10",
    "annual_revenue": 360611393.60739523,
    "carbon_assets": 20,
    "contact_person": "王主任",
    "contact_phone": "13912191580"
  },
  {
    "id": 140,
    "name": "北创140发展有限公司",
    "industry": "制造业",
    "registration_code": "9189301565410193",
    "is_active": true,
    "established_date": "2018-11-16",
    "registered_capital": 284340000,
    "employees": 4134,
    "location": "青岛区",
    "esg_score": 50,
    "last_evaluation": "2025-08-15",
    "annual_revenue": 378733428.72532064,
    "carbon_assets": 0,
    "contact_person": "张经理",
    "contact_phone": "18235721467"
  },
  {
    "id": 141,
    "name": "东智141能源有限公司",
    "industry": "环保技术",
    "registration_code": "9196140574691858",
    "is_active": true,
    "established_date": "2000-11-20",
    "registered_capital": 613510000,
    "employees": 2734,
    "location": "武汉区",
    "esg_score": 71,
    "last_evaluation": "2025-08-01",
    "annual_revenue": 393707697.70183253,
    "carbon_assets": 0,
    "contact_person": "李总",
    "contact_phone": "13723261291"
  },
  {
    "id": 142,
    "name": "民创142集团有限公司",
    "industry": "生物医药",
    "registration_code": "9150007767023078",
    "is_active": true,
    "established_date": "2021-11-15",
    "registered_capital": 705510000,
    "employees": 1417,
    "location": "大连区",
    "esg_score": 63,
    "last_evaluation": "2025-10-25",
    "annual_revenue": 1354141030.260712,
    "carbon_assets": 16,
    "contact_person": "张经理",
    "contact_phone": "13515265014"
  },
  {
    "id": 143,
    "name": "西华143建设有限公司",
    "industry": "信息技术",
    "registration_code": "9194225954256139",
    "is_active": true,
    "established_date": "2008-11-18",
    "registered_capital": 256620000,
    "employees": 4419,
    "location": "南京市",
    "esg_score": 79,
    "last_evaluation": "2025-08-16",
    "annual_revenue": 650485185.3934067,
    "carbon_assets": 15,
    "contact_person": "李总",
    "contact_phone": "14393166660"
  },
  {
    "id": 144,
    "name": "民清144有限有限公司",
    "industry": "农业科技",
    "registration_code": "9114594343223673",
    "is_active": true,
    "established_date": "2014-11-17",
    "registered_capital": 857540000,
    "employees": 3756,
    "location": "杭州市",
    "esg_score": 56,
    "last_evaluation": "2025-08-29",
    "annual_revenue": 2015233975.6985974,
    "carbon_assets": 18,
    "contact_person": "李总",
    "contact_phone": "17873905231"
  },
  {
    "id": 145,
    "name": "民创145股份有限公司",
    "industry": "金融业",
    "registration_code": "9197346949352673",
    "is_active": true,
    "established_date": "2003-11-20",
    "registered_capital": 197390000,
    "employees": 913,
    "location": "广州区",
    "esg_score": 77,
    "last_evaluation": "2025-10-11",
    "annual_revenue": 122647119.25544164,
    "carbon_assets": 18,
    "contact_person": "张经理",
    "contact_phone": "16684929420"
  },
  {
    "id": 146,
    "name": "上清146股份有限公司",
    "industry": "制造业",
    "registration_code": "9115076919690478",
    "is_active": false,
    "established_date": "2004-11-19",
    "registered_capital": 97690000,
    "employees": 4342,
    "location": "成都区",
    "esg_score": 58,
    "last_evaluation": "2025-10-28",
    "annual_revenue": 144306509.1193735,
    "carbon_assets": 6,
    "contact_person": "王主任",
    "contact_phone": "19374852061"
  },
  {
    "id": 147,
    "name": "国绿147科技有限公司",
    "industry": "金融科技",
    "registration_code": "9136796087162800",
    "is_active": false,
    "established_date": "2021-11-15",
    "registered_capital": 405910000,
    "employees": 906,
    "location": "成都区",
    "esg_score": 82,
    "last_evaluation": "2025-10-09",
    "annual_revenue": 1071571099.7714024,
    "carbon_assets": 1,
    "contact_person": "李总",
    "contact_phone": "13651217768"
  },
  {
    "id": 148,
    "name": "地清148科技有限公司",
    "industry": "新能源",
    "registration_code": "9188067715115528",
    "is_active": false,
    "established_date": "2017-11-16",
    "registered_capital": 708120000,
    "employees": 2434,
    "location": "郑州区",
    "esg_score": 85,
    "last_evaluation": "2025-10-13",
    "annual_revenue": 699767184.0446048,
    "carbon_assets": 13,
    "contact_person": "李总",
    "contact_phone": "19589073690"
  },
  {
    "id": 149,
    "name": "华清149集团有限公司",
    "industry": "金融业",
    "registration_code": "9116411868002640",
    "is_active": false,
    "established_date": "2016-11-16",
    "registered_capital": 671420000,
    "employees": 830,
    "location": "长沙市",
    "esg_score": 79,
    "last_evaluation": "2025-09-15",
    "annual_revenue": 1021785054.3566934,
    "carbon_assets": 4,
    "contact_person": "李总",
    "contact_phone": "19738062188"
  },
  {
    "id": 150,
    "name": "华智150发展有限公司",
    "industry": "建筑工程",
    "registration_code": "9181605819039125",
    "is_active": true,
    "established_date": "2005-11-19",
    "registered_capital": 731350000,
    "employees": 2771,
    "location": "无锡市",
    "esg_score": 43,
    "last_evaluation": "2025-09-02",
    "annual_revenue": 1719755341.5964515,
    "carbon_assets": 9,
    "contact_person": "张经理",
    "contact_phone": "14820693599"
  },
  {
    "id": 151,
    "name": "上智151集团有限公司",
    "industry": "制造业",
    "registration_code": "9188914524158842",
    "is_active": true,
    "established_date": "2016-11-16",
    "registered_capital": 358360000,
    "employees": 837,
    "location": "上海区",
    "esg_score": 61,
    "last_evaluation": "2025-07-28",
    "annual_revenue": 605966911.6614146,
    "carbon_assets": 20,
    "contact_person": "李总",
    "contact_phone": "14448805854"
  },
  {
    "id": 152,
    "name": "天智152发展有限公司",
    "industry": "农业科技",
    "registration_code": "9158950332411349",
    "is_active": true,
    "established_date": "2020-11-15",
    "registered_capital": 106070000,
    "employees": 3561,
    "location": "青岛市",
    "esg_score": 68,
    "last_evaluation": "2025-11-10",
    "annual_revenue": 81421145.93515228,
    "carbon_assets": 4,
    "contact_person": "李总",
    "contact_phone": "13822322632"
  },
  {
    "id": 153,
    "name": "地新153集团有限公司",
    "industry": "制造业",
    "registration_code": "9179431989201150",
    "is_active": false,
    "established_date": "2020-11-15",
    "registered_capital": 79420000,
    "employees": 1262,
    "location": "成都区",
    "esg_score": 59,
    "last_evaluation": "2025-08-07",
    "annual_revenue": 175310139.3479331,
    "carbon_assets": 11,
    "contact_person": "李总",
    "contact_phone": "13752668559"
  },
  {
    "id": 154,
    "name": "华新154控股有限公司",
    "industry": "信息技术",
    "registration_code": "9113829998446538",
    "is_active": true,
    "established_date": "2022-11-15",
    "registered_capital": 797130000,
    "employees": 1978,
    "location": "苏州区",
    "esg_score": 58,
    "last_evaluation": "2025-10-03",
    "annual_revenue": 2069243363.295803,
    "carbon_assets": 20,
    "contact_person": "李总",
    "contact_phone": "17505853034"
  },
  {
    "id": 155,
    "name": "海智155股份有限公司",
    "industry": "环保技术",
    "registration_code": "9146888371641869",
    "is_active": true,
    "established_date": "2020-11-15",
    "registered_capital": 222650000,
    "employees": 3114,
    "location": "合肥区",
    "esg_score": 82,
    "last_evaluation": "2025-08-14",
    "annual_revenue": 571924700.3821547,
    "carbon_assets": 39,
    "contact_person": "王主任",
    "contact_phone": "16497119229"
  },
  {
    "id": 156,
    "name": "东创156有限有限公司",
    "industry": "农业科技",
    "registration_code": "9114564462197788",
    "is_active": true,
    "established_date": "2010-11-18",
    "registered_capital": 275260000,
    "employees": 921,
    "location": "天津市",
    "esg_score": 54,
    "last_evaluation": "2025-08-08",
    "annual_revenue": 617749950.6951597,
    "carbon_assets": 3,
    "contact_person": "张经理",
    "contact_phone": "16882053915"
  }
]